@article{kahn1962topological,
  author = {Kahn, Arthur B},
  journal = {Communications of the ACM},
  number = {11},
  pages = {558--562},
  publisher = {ACM New York, NY, USA},
  title = {Topological sorting of large networks},
  volume = {5},
  year = {1962}
}

@inproceedings{he2016deep,
  title={Deep residual learning for image recognition},
  author={He, Kaiming and Zhang, Xiangyu and Ren, Shaoqing and Sun, Jian},
  booktitle={Proceedings of the IEEE Conference on Computer Vision and Pattern Recognition},
  pages={770--778},
  year={2016}
}